@article{van2000building,
  title={{Building an advanced particle system}},
  author={Van der Burg, J.},
  journal={Game Developer Magazine},
  volume={3},
  year={2000}
}

